%This is a place to put extra biblographic entries


@article{WerWoz17,
	Author = {Werschulz, A. G. and Wo\'{z}niakowski, H.},
	Journal = {J. Complexity},
	Pages = {68--79},
	Title = {A new characterization of {$(s,t)$}-weak tractability},
	Volume = {38},
	Year = {2017}}
	
	
@article{KriWoz19,
	Author = {Kritzer, P. and Wo\'{z}niakowski, H.},
	Journal = {J. Complexity},
	Pages = {110--128},
	Title = {Simple characterizations of exponential tractability for linear multivariate problems},
	Volume = {51},
	Year = {2019}}
	
	
@article{Dea2014,
  title={Higher order {QMC} {P}etrov--{G}alerkin discretization for affine parametric operator equations with random field inputs},
  author={Dick, Josef and Kuo, Frances Y and Le Gia, Quoc T and Nuyens, Dirk and Schwab, Christoph},
  journal={SIAM Journal on Numerical Analysis},
  volume={52},
  number={6},
  pages={2676--2702},
  year={2014},
  publisher={SIAM}
}

@book{WuHam2009,
  title={Experiments: Planning, Analysis, and Optimization},
  author={Wu, C F Jeff and Hamada, Michael S},
  year={2009},
  publisher={John Wiley \& Sons}
}

