@book{WuHam2009,
  title={Experiments: Planning, Analysis, and Optimization},
  author={Wu, C F Jeff and Hamada, Michael S},
  year={2009},
  publisher={John Wiley \& Sons}
}